<record><leader>00000cas a22000007a 4500</leader><controlfield tag="001">13511539</controlfield><controlfield tag="008">860430c19279999nyudn ne      0   a0eng d</controlfield><datafield ind1=" " ind2=" " tag="010"><subfield code="a">sn 86033360 </subfield></datafield><datafield ind1=" " ind2=" " tag="040"><subfield code="a">NYG</subfield><subfield code="b">eng</subfield><subfield code="c">NYG</subfield><subfield code="d">NYS</subfield><subfield code="d">NSD</subfield><subfield code="d">OCLCQ</subfield><subfield code="d">OCLCF</subfield><subfield code="d">OCLCO</subfield></datafield><datafield ind1=" " ind2=" " tag="012"><subfield code="m">1</subfield></datafield><datafield ind1=" " ind2=" " tag="019"><subfield code="a">990410145</subfield></datafield><datafield ind1="1" ind2=" " tag="022"><subfield code="a">1097-2811</subfield><subfield code="l">1097-2811</subfield><subfield code="2">1</subfield></datafield><datafield ind1="1" ind2=" " tag="029"><subfield code="a">AU@</subfield><subfield code="b">000025796912</subfield></datafield><datafield ind1=" " ind2=" " tag="032"><subfield code="a">005580</subfield><subfield code="b">USPS</subfield></datafield><datafield ind1=" " ind2=" " tag="042"><subfield code="a">msc</subfield><subfield code="a">nsdp</subfield></datafield><datafield ind1=" " ind2=" " tag="043"><subfield code="a">n-us-ny</subfield></datafield><datafield ind1=" " ind2="0" tag="222"><subfield code="a">Adirondack daily enterprise</subfield></datafield><datafield ind1="0" ind2="0" tag="245"><subfield code="a">Adirondack daily enterprise.</subfield></datafield><datafield ind1="3" ind2="0" tag="246"><subfield code="a">Adirondack yearly emptyprize</subfield></datafield><datafield ind1=" " ind2=" " tag="260"><subfield code="a">Saranac Lake, N.Y. :</subfield><subfield code="b">John S. Ridenour</subfield></datafield><datafield ind1=" " ind2=" " tag="300"><subfield code="a">v. :</subfield><subfield code="b">ill.</subfield></datafield><datafield ind1=" " ind2=" " tag="310"><subfield code="a">Daily (except Saturday, Sunday and holidays),</subfield><subfield code="b">&lt;1963&gt;-</subfield></datafield><datafield ind1=" " ind2=" " tag="321"><subfield code="a">Daily (except Sunday),</subfield><subfield code="b">1927-&lt;1962&gt;</subfield></datafield><datafield ind1="1" ind2=" " tag="362"><subfield code="a">Began in 1927.</subfield></datafield><datafield ind1=" " ind2=" " tag="500"><subfield code="a">Publishers: John S. Ridenour, &lt;1927&gt;; Adirondack Pub. Co., &lt;1984&gt;</subfield></datafield><datafield ind1=" " ind2=" " tag="500"><subfield code="a">Issues for winter carnival called: Adirondack yearly emptyprize, &lt;Feb. 12, 1955&gt;, &lt;Feb. 8, 1958&gt;.</subfield></datafield><datafield ind1=" " ind2=" " tag="588"><subfield code="a">Description based on: Vol. 33, no. 43 (Apr. 22, 1927).</subfield></datafield><datafield ind1=" " ind2="0" tag="651"><subfield code="a">Saranac Lake (N.Y.)</subfield><subfield code="v">Newspapers.</subfield></datafield><datafield ind1=" " ind2="0" tag="651"><subfield code="a">Franklin County (N.Y.)</subfield><subfield code="v">Newspapers.</subfield></datafield><datafield ind1=" " ind2="7" tag="655"><subfield code="a">Newspapers.</subfield><subfield code="2">fast</subfield><subfield code="0">(OCoLC)fst01423814</subfield></datafield><datafield ind1=" " ind2="7" tag="651"><subfield code="a">New York (State)</subfield><subfield code="z">Franklin County.</subfield><subfield code="2">fast</subfield><subfield code="0">(OCoLC)fst01212304</subfield></datafield><datafield ind1=" " ind2="7" tag="651"><subfield code="a">New York (State)</subfield><subfield code="z">Saranac Lake.</subfield><subfield code="2">fast</subfield><subfield code="0">(OCoLC)fst01211426</subfield></datafield><datafield ind1=" " ind2=" " tag="752"><subfield code="a">United States</subfield><subfield code="b">New York</subfield><subfield code="c">Franklin</subfield><subfield code="d">Saranac Lake.</subfield></datafield><datafield ind1="0" ind2=" " tag="770"><subfield code="t">Adirondack weekly advertiser</subfield><subfield code="w">(DLC)sn 93063585</subfield><subfield code="w">(OCoLC)27839013</subfield></datafield><datafield ind1="0" ind2="0" tag="780"><subfield code="t">Adirondack enterprise</subfield><subfield code="w">(DLC)sn 84035897</subfield><subfield code="w">(OCoLC)11485720</subfield></datafield></record>